2477 3197
425 932 552 1008 lle
586 948 1092 1025 incommodis
1127 949 1591 1023 qmbusdam
1626 909 1864 1023 atque
1899 952 2103 1015 vmis

249 1035 331 1094 in
400 1019 740 1147 zumptli
802 1037 1384 1185 fflwtggaffls
1393 1037 1642 1168 laggai»
1708 1038 2272 1102 anmadvcrsis

417 1174 420 1177 .
940 1139 1143 1182 unpmms
1730 1137 1740 1145 ·

242 1751 329 1824 F
327 1792 398 1819 ere
414 1779 560 1834 viginti
583 1792 696 1821 nunc
723 1785 819 1821 sunt
840 1780 959 1832 anni,
992 1793 1046 1822 ex
1073 1793 1160 1833 quo
1188 1780 1374 1834 primum
1393 1780 1581 1840 Zumptii
1617 1783 1892 1837 grammatic·
1919 1781 2088 1838 linguae
2110 1781 2262 1825 latinae

241 1855 287 1897 in
303 1853 441 1897 lucem
463 1856 610 1898 -isn
632 1861 676 1897 et
697 1856 817 1899 laetis
839 1855 1024 1911 undique
1044 1850 1406 1899 acclamationibus
1426 1862 1608 1912 excepta
1631 1861 1708 1898 est.
1772 1856 1864 1899 Sed
1894 1841 2015 1900 favor
2041 1857 2112 1899 ille
2130 1857 2259 1914 plau·

243 1922 421 1988 susque,
474 1946 602 1988 quem
643 1930 716 1974 hic
752 1932 861 1974 liber
890 1932 1006 1974 initio
1049 1932 1226 1984 tulerat,
1258 1934 1317 1974 sic
1347 1937 1396 1975 ut
1413 1934 1680 1988 plerumque
1723 1933 1800 1984 fit„
1836 1934 2054 1976 imminuta
2093 1932 2259 1975 novita-

241 2010 294 2051 tis
332 2010 489 2066 gratia,
529 2010 662 2067 magis
695 2011 911 2068 magisque
928 2009 1181 2063 deferbuit,
1221 2010 1450 2066 paucisque
1489 2011 1605 2051 annis
1647 2011 1872 2052 interiectis
1901 2011 2021 2052 multi
2046 2011 2130 2052 im
2149 2011 2258 2054 libm

242 2099 328 2129 non
346 2094 433 2128 tam
453 2080 787 2131 commendando
807 2102 934 2144 quam
954 2087 1215 2129 emendando
1233 2088 1406 2143 operam
1429 2101 1517 2128 esse
1538 2087 1722 2128 dandam
1743 2093 2007 2140 censuerunt,
2028 2088 2170 2144 deque
2189 2103 2259 2131 va·

240 2166 310 2208 riis
332 2166 417 2209 eius
444 2167 718 2215 incommodis
738 2167 780 2209 in
802 2167 1035 2209 imbuendis
1054 2166 1208 2208 latinae
1225 2165 1395 2223 ling-uae
1418 2166 1659 2223 cognitione
1682 2165 1882 2207 tironibus
1911 2167 2130 2222 conquesti
2149 2173 2257 2210 sunt.

241 2244 307 2286 Ac
327 2243 432 2286 mihi
450 2244 644 2302 profecto
662 2245 768 2302 ipsi,
801 2246 966 2300 quoties
985 2245 1028 2286 in
1047 2243 1257 2287 tradendis
1278 2245 1376 2285 artis
1399 2244 1692 2300 grammaticae
1710 2244 1951 2300 praeceptis
1975 2244 2032 2286 ad
2051 2258 2256 2302 paragra·

240 2309 353 2383 phos
370 2323 571 2377 quasdam
592 2329 635 2365 et
652 2324 830 2381 paginas
855 2321 980 2365 huius
1004 2323 1098 2365 libri
1116 2323 1260 2374 venio,
1292 2321 1399 2364 solet
1418 2321 1628 2389 accidere?
1659 2326 1708 2363 ut
1737 2322 1838 2364 inde
1864 2323 2004 2364 nescio
2037 2322 2140 2378 quid
2162 2337 2254 2365 mo·

240 2399 385 2441 lestiae
416 2414 467 2443 ac
498 2415 634 2457 paene
662 2401 788 2442 taedii
805 2402 1048 2456 percipiam.
1112 2400 1241 2452 Quod
1262 2401 1295 2441 si
1315 2401 1535 2454 quaeritur,
1572 2399 1677 2456 quid
1697 2400 1870 2441 taudem
1899 2400 1952 2441 sit
1972 2400 2016 2441 in
2036 2400 2110 2441 illo
2131 2400 2249 2451 libro,

154 2475 157 2480 ’
241 2476 360 2532 quod
383 2476 627 2533 displiceat,
646 2493 737 2531 *nec
766 2478 902 2521 solum
923 2477 1176 2520 discentibus
1205 2477 1279 2520 sed
1303 2477 1511 2542 interdum
1541 2478 1667 2520 etiam
1690 2477 1936 2521 docentibus
1956 2484 2115 2521 tantum
2136 2475 2249 2519 diffi-

240 2554 406 2598 cultatis
421 2560 558 2611 atque
579 2556 794 2598 molestiae
817 2554 978 2608 afferat,
1008 2554 1114 2596 haec
1132 2556 1393 2611 potissimum
1413 2554 1554 2596 habeo
1580 2569 1690 2610 quae
1712 2556 2001 2613 respondeam.
2051 2554 2248 2605 Primum,

242 2632 359 2688 quod
378 2645 464 2674 non
483 2647 508 2673 a
527 2647 596 2674 me
618 2633 709 2674 solo
730 2632 1000 2675 vehementer
1019 2631 1244 2674 desiderari
1277 2638 1381 2688 puto
1413 2633 1456 2672 in
1477 2632 1718 2688 Zumptiani
1745 2634 1841 2675 libri
1869 2638 1993 2688 parte
2025 2633 2244 2688 syntactica

228 2712 348 2767 [non
368 2710 476 2766 enim
495 2711 572 2753 nisi
593 2711 649 2752 ad
669 2709 780 2753 hanc
800 2712 931 2752 omnis
957 2709 1063 2752 haec
1083 2717 1226 2752 nostra
1249 2709 1456 2764 spectabit
1477 2712 1647 2765 oratio),
1680 2718 1742 2753 est
1762 2712 1879 2767 larga
1906 2711 2002 2752 satis
2031 2708 2243 2763 exemplo-

237 2802 332 2832 rum
355 2802 579 2845 eorumque
596 2788 843 2832 idoneorum
865 2792 908 2831 et
927 2787 1171 2835 discentium
1188 2787 1330 2844 captui
1353 2788 1767 2833 accommodatarum
1795 2787 1930 2844 copia.
1991 2787 2108 2829 Haec
2135 2785 2243 2827 enim

1797 2866 1824 2908 1
1845 2867 1871 2897 *
