2477 3197
1203 133 1255 184 4

1497 175 1520 202 δ

219 269 266 312 in
284 268 401 315 omni
420 266 676 310 institutione
694 263 834 304 valent
852 260 1094 317 plurimum,
1121 261 1460 315 verissimumque
1477 259 1584 302 illud
1603 259 1790 303 Senecae
1811 259 1951 318 (epist.
1972 258 2085 315 1‚e)
2098 275 2111 302 ε
2146 261 2242 304 lon-

223 359 335 405 gum
354 340 422 389 eat
447 344 533 392 iter
545 353 633 400 per
645 343 926 398 praecepta,
957 337 1093 382 breve
1115 343 1158 382 et
1192 337 1367 399 efficax
1379 351 1469 396 per
1491 337 1711 395 exempla.
1771 337 1824 380 In
1840 338 1999 396 quibu·
2022 336 2243 382 afferendi·

224 436 401 480 parcas,
432 423 474 463 in
504 419 711 476 eligendis
738 420 870 461 minus
902 419 1220 473 circumspectus
1251 418 1330 460 fuit
1350 417 1583 472 Zumptius.
1645 415 1794 457 Multis
1825 418 1936 459 enim
1966 417 2243 476 paragraphis

227 500 534 544 observationes
564 482 827 540 illustrantur
860 496 1057 552 exemplis
1077 496 1148 536 vix
1179 496 1367 552 singulae
1387 494 1581 552 singulis3
1616 495 1914 550 saepenumero
1942 502 2080 538 autem
2102 509 2245 538 exem·

224 579 367 635 plum,
400 591 487 632 quo
505 580 782 633 praeceptum
803 571 973 627 aliquod
992 571 1062 613 vei
1080 573 1342 625 confirmari,
1373 573 1442 614 vel
1468 573 1742 614 demonstrari
1771 571 1987 614 evidenter
2004 575 2161 630 possit,
2192 587 2246 617 ne

225 668 359 697 unum
376 642 562 710 *quidem
591 651 806 706 reperitur.
870 650 990 701 Quae
1020 663 1121 691 vero
1155 650 1291 691 attulit
1328 650 1543 705 exempla,
1578 664 1630 692 ea
1663 651 1815 705 partim
1833 664 1869 690 -e
1898 649 2108 694 Broederi
2139 651 2247 693 alio·

226 745 375 775 rumve
393 731 507 772 libn‘s
527 727 809 784 grammaticis
841 727 884 767 in
914 741 1032 769 suum
1055 728 1343 783 transscripsit,
1374 727 1527 782 partim
1551 741 1626 769 suo
1645 727 1737 783 ipse
1759 727 1926 769 delectu
1946 727 2097 770 adiecit
2123 741 2245 781 nova,

230 815 419 859 auctore,
460 806 574 848 unde
614 804 815 860 quodque
867 805 1169 860 depromptum
1227 806 1297 856 sit,
1341 810 1432 846 tum
1482 804 1712 857 adnotato,
1761 811 1853 847 tum
1906 805 2031 846 etiam
2080 806 2246 847 omisso.

231 887 370 937 Quam
405 884 724 926 inconstantiam
764 882 980 936 equidem,
1013 896 1065 923 ne
1102 882 1310 923 morosior
1343 881 1509 934 videar,
1541 895 1629 924 non
1661 883 1845 938 graviter
1894 881 2247 938 reprehenderim,

227 975 487 1018 quamquam
505 960 683 1005 multum
698 960 868 1002 interest
888 959 1176 1015 praeceptoris
1198 974 1365 1016 semper
1383 958 1544 1011 fontem
1565 960 1705 1002 statim
1738 973 1885 1013 nosse,
1898 959 2029 1007 vnde
2056 973 2249 1015 quaeque

229 1041 383 1083 hausta
416 1041 518 1092 sint,
550 1044 596 1081 ut
624 1038 740 1079 adire
769 1052 865 1079 eum
906 1038 998 1093 ipse
1024 1038 1249 1093 locumque
1281 1052 1527 1093 percurrere
1545 1044 1587 1079 et
1609 1038 1845 1080 examinare
1868 1039 2003 1093 possit
2032 1039 2249 1094 integrum.

233 1118 323 1162 Sed
348 1117 481 1160 multo
512 1116 646 1174 magis
678 1115 908 1169 dolendum
928 1122 1006 1169 est,
1039 1098 1158 1172 quod
1189 1131 1241 1158 ex
1265 1115 1333 1159 his
1355 1116 1559 1173 exemplis
1589 1115 1671 1159 alia
1691 1114 1942 1169 claudicant,
1967 1104 2177 1174 neeomni
2200 1128 2252 1157 ex

231 1202 354 1252 parte
386 1195 442 1236 ad
471 1208 561 1236 rem
583 1193 950 1235 demonstrandam
972 1194 1192 1249 quadrant,
1223 1193 1317 1247 alia,
1348 1205 1426 1250 per
1453 1208 1496 1235 se
1524 1194 1693 1249 quidem
1713 1194 1885 1247 idonea,
1919 1194 1975 1235 ad
1994 1192 2251 1235 intellectum

230 1273 411 1313 tironum
439 1278 579 1313 tamen
610 1271 852 1311 obscuriora
879 1276 974 1311 sunt
1006 1277 1050 1311 et
1078 1256 1322 1326 spinosiora.¹
1382 1271 1451 1312 Eo
1481 1271 1591 1312 enim
1619 1272 1662 1312 in
1681 1285 1837 1328 genere
1866 1270 2087 1327 diligenter
2103 1269 2251 1311 viden·

230 1349 332 1391 dum
356 1354 444 1401 est,
478 1353 526 1389 ut
556 1348 758 1404 exemplis
772 1353 939 1389 utamur
971 1361 1055 1388 non
1087 1353 1247 1388 tantum
1274 1348 1334 1387 rei
1358 1347 1439 1402 ipsi
1460 1348 1810 1400 convenientibus,
1835 1349 1911 1389 'sed
1934 1350 1996 1399 iis,
2023 1361 2132 1401 quae
2156 1360 2253 1388 cum

231 1431 414 1484 propter
439 1414 661 1467 verborum
688 1425 1029 1481 perspicuitatem
1069 1405 1458 1480 simplicitatemque
1501 1430 1755 1478 structurae,
1788 1430 1877 1467 tum
1921 1426 2044 1467 etiam
2074 1430 2252 1480 propter

233 1518 371 1545 rerum
410 1503 540 1543 modo
572 1503 817 1543 suavitatem
844 1502 974 1542 modo
1002 1504 1250 1558 gravitatem
1281 1503 1405 1543 facile
1434 1517 1478 1544 se
1505 1516 1672 1555 eorum,
1705 1504 1776 1558 qui
1818 1501 2002 1556 discunt,
2045 1502 2250 1544 mentibus

232 1587 359 1635 atque
387 1580 496 1621 adeo
518 1580 744 1621 memoriae
774 1580 989 1620 insinuent.
1445 1569 1449 1574 ¹

355 1657 489 1709 Huic,
522 1656 640 1711 quod
671 1657 814 1712 tetigi,
845 1655 1116 1696 incommodo
1145 1633 1409 1697 coniunctum
1440 1664 1503 1698 est
1536 1656 1738 1708 alterum,
1770 1656 1970 1697 tironibus
1999 1667 2085 1696 non
2118 1655 2252 1696 minus

235 1733 509 1784 damnosum,
553 1732 868 1788 ambiguitatem
905 1733 1104 1776 sermonis
1142 1732 1237 1774 dico
1267 1733 1496 1788 nimiasque
1522 1734 1564 1775 in
1599 1733 1889 1789 proponendis
1916 1731 2253 1788 explicandisque

237 1811 399 1869 legibus
415 1810 696 1873 grammaticis
716 1810 914 1866 ambages
935 1810 1170 1852 verborum.
1231 1809 1390 1853 Omnes
1409 1811 1518 1852 enim
1537 1811 1675 1866 leges,
1706 1823 1793 1852 non
1813 1810 1949 1852 solum
1979 1811 2039 1852 rei
2060 1796 2259 1866 publicae

231 1889 311 1931 sed
332 1890 458 1929 etiam
476 1888 574 1928 artis
595 1888 904 1941 grammaticae,
925 1888 1073 1928 breves
1094 1901 1183 1928 esse
1201 1893 1371 1941 oportet
1391 1894 1434 1928 et
1451 1888 1668 1938 dilucidas,
1689 1900 1776 1941 quo
1802 1887 1960 1928 facilius
1978 1887 2032 1928 ab
2052 1886 2254 1942 imperitis

238 1958 468 2005 teneantur.
533 1962 624 2003 Iam
647 1975 748 2003 vero
778 1962 1002 2017 Zumptius
1034 1970 1122 2003 tam
1150 1976 1261 2019 vago
1279 1970 1321 2003 et
1351 1963 1505 2004 diffuso
1524 1970 1696 2019 tamque
1718 1963 1924 2020 impedito
1944 1963 2150 2004 interdum
2173 1963 2255 2003 uti-

236 2049 304 2084 tur
333 2040 500 2083 dicendi
536 2053 717 2095 genere,
749 2046 795 2081 ut
822 2041 977 2081 tirones
1005 2047 1244 2095 praecepta,
1270 2042 1355 2082 eius
1383 2055 1459 2082 nec
1484 2042 1609 2085 facile
1635 2041 1868 2097 intelligere
1889 2056 2023 2095 neque
2046 2040 2255 2083 custodire

239 2119 338 2162 satis
366 2102 528 2174 possint
556 2117 771 2158 memoria.
836 2118 965 2169 Quod
997 2119 1153 2161 malum
1173 2116 1287 2160 unde
1312 2125 1454 2175 natum
1478 2120 1553 2170 sit,
1586 2133 1671 2160 non
1691 2119 1916 2162 obscurum
1945 2125 2021 2161 est.
2085 2118 2257 2160 Studuit

239 2198 347 2238 enim
378 2196 596 2249 Zumptius
612 2208 699 2235 non
719 2194 890 2246 solum,
916 2195 1016 2248 quid
1039 2209 1228 2249 quaeque
1245 2196 1314 2236 lex
1335 2196 1534 2252 postulet,
1566 2210 1790 2251 exponere,
1823 2197 1898 2238 sed
1927 2197 2063 2248 etiam,
2095 2195 2255 2249 quoties

239 2287 362 2330 posse
385 2272 464 2314 sibi
482 2272 721 2324 videbatur,
754 2273 861 2328 legis
883 2272 1087 2312 rationem
1110 2272 1291 2313 reddere
1311 2268 1745 2329 constructionumque
1777 2289 1919 2317 causas
1951 2265 2093 2315 eruere
2126 2285 2254 2314 oona-

239 2357 303 2392 tus
325 2356 401 2391 est.
464 2349 589 2389 Hanc
621 2362 719 2388 vero
748 2349 1045 2390 deductionem
1065 2349 1422 2404 philosophicam,
1455 2365 1578 2405 quam
1605 2351 1763 2403 dicunt,
1796 2365 1902 2403 non,
1932 2358 1978 2393 ut
2000 2338 2254 2406 praestabat,

239 2427 522 2469 adnotationis
547 2426 674 2470 instar
692 2426 815 2481 ipsius
836 2427 942 2485 legis
965 2427 1169 2469 formulae
1192 2427 1365 2480 adiecit,
1399 2428 1473 2470 sed
1494 2443 1587 2471 cum
1609 2444 1658 2471 ea
1678 2430 1721 2471 in
1743 2443 1871 2472 unum
1908 2429 2103 2471 orationis
2130 2436 2255 2471 teno-

240 2519 328 2547 rem
361 2504 572 2548 contexuit
583 2503 642 2559 *).
735 2504 737 2506 ’

283 2720 314 2760 ⁸)
333 2719 383 2751 Ad
404 2721 591 2752 senteutiam
609 2729 712 2752 meam
738 2720 863 2761 planius
890 2721 1108 2761 explicandam
1135 2722 1273 2764 exempli
1296 2731 1390 2754 causa
1415 2731 1589 2764 supponam
1612 2724 1845 2765 paragraphum
1863 2723 2003 2764 Zumptii
2020 2726 2106 2762 533,
2137 2722 2191 2754 ubi
2215 2722 2255 2754 de

322 2772 432 2804 verbis
450 2772 579 2802 timendi
597 2773 641 2803 ita
656 2772 741 2811 agit:
773 2771 918 2810 „Hiebei
943 2773 984 2803 ist
1007 2773 1082 2804 aber
1108 2773 1161 2804 cin
1178 2773 1367 2806 benonderer
1391 2774 1600 2807 lateIm'scher
1618 2774 1906 2817 Sprachgebmuch
1931 2786 1974 2807 zu
1997 2775 2149 2814 merkem,
2171 2774 2255 2806 uach

321 2825 476 2857 „elehem
500 2824 555 2855 dic
578 2823 680 2856 Verba
700 2824 906 2857 ffirchten
927 2826 996 2856 und
1018 2826 1230 2865 besorgen
1254 2827 1305 2857 alr
1325 2827 1432 2858 soleae
1449 2829 1635 2869 aagendam
1658 2829 1805 2866 werden,
1837 2830 1873 2859 in
1904 2829 2008 2860 denen
2032 2826 2106 2858 eine
2123 2827 2253 2858 Abaieht
