2477 3197
339 280 511 335 θιὼ
523 286 662 337 qum
677 279 749 321 ita
758 278 852 331 sint,
881 291 1016 335 neque
1034 277 1149 322 hee
1175 279 1345 321 uberior
1367 276 1554 331 Zumptii
1579 277 1876 332 grammatica,
1907 290 2044 334 neque
2071 268 2172 322 eius
2188 281 2280 336 epi-

261 366 399 414 tome,
430 371 540 415 qun
558 371 615 401 ne
637 357 723 400 ab
711 370 804 414 ipso
826 357 996 414 quidem
1015 358 1216 425 Zumptio
1235 356 1444 403 adornata
1465 367 1555 396 esse
1584 354 1769 408 videtur,
1800 371 1896 399 meo
1919 357 2092 425 quidem
2113 356 2282 429 iudicio,

260 440 445 483 tironum
473 437 567 478 usui
593 442 658 479 est
696 436 971 489 conveniens,
1015 435 1093 477 sed
1120 433 1433 477 commendetur
1462 432 1561 474 licet
1588 432 1918 477 adolescentibus
1961 437 2003 478 in
2043 433 2283 492 cognitione

262 517 432 572 linguae
457 515 636 557 latinae
624 529 708 557 iam
724 513 1070 571 provectioribus.
1134 509 1223 555 Sed
1242 513 1366 554 etiam
1383 511 1447 554 his
1472 517 1620 553 vereor
1637 525 1691 553 ne
1710 510 2000 555 difficultatem
2023 514 2284 556 molestiam-

262 607 344 649 que
370 593 546 635 facessat
564 593 678 635 alind
698 592 823 633 huius
842 591 1138 647 grammaticae
1163 591 1305 633 vitium
1319 621 1332 643 ,
1363 590 1479 646 qnod
1508 590 1628 630 tertio
1659 589 1758 630 loco
1782 588 1888 630 mihi
1920 592 2282 648 perstringendum

263 677 338 712 est.
390 670 584 723 Cernitur
613 670 709 712 hoc·
719 669 764 710 in
796 681 994 723 perverso
1021 681 1146 724 saepe
1168 682 1217 708 ac
1240 667 1485 722 perturbato
1506 680 1659 719 rerum,
1691 667 1746 708 de
1767 667 1919 722 quibus
1941 669 2032 723 agit
2050 655 2280 724 Zumptius,

204 759 214 765 ··
262 748 424 801 ordine,
455 748 511 790 ita
527 754 574 790 ut
595 743 658 799 ea,
691 760 799 801 quae
819 751 910 788 sunt
930 759 1009 801 per
1031 759 1074 787 se
1094 745 1438 795 coniunctissima,
1459 741 1529 784 hie
1547 744 1632 784 illic
1651 744 1837 799 dispersa
1857 745 2067 801 legantur,
2101 746 2184 787 alia
2205 760 2282 787 au·

262 832 349 868 tem
368 827 523 868 intrusa
547 826 641 877 sint,
666 838 774 879 quae
797 823 854 866 ad
873 837 963 865 rem
994 828 1254 878 praesentem
1281 822 1451 864 omnino
1471 834 1557 862 non
1576 812 1811 876 pertineant
1828 821 1887 875 *).
1931 823 2134 873 Quartum
2157 820 2281 865 deni·

264 916 367 959 que,
400 902 519 958 quod
548 916 676 958 saepe
705 915 770 943 me
808 888 919 943 male
938 900 1108 954 habuit,
1141 900 1437 959 grammaticae
1461 898 1585 941 huius
1604 899 1749 940 vitium
1780 898 1823 940 in
1856 885 2088 954 praeceptis
2120 901 2280 956 aliquot

262 988 335 1023 aut
354 981 510 1023 mancis
531 986 604 1023 aut
629 965 797 1023 omnino
816 980 928 1023 falsis
958 985 1022 1022 est
1042 981 1246 1036 positum.
1308 978 1482 1020 Nullum
1521 983 1659 1019 autem
1702 977 1828 1019 totius
1870 978 2165 1034 grammaticae
2208 993 2281 1020 ca·

262 1066 342 1117 put
376 1058 442 1101 his
476 1064 699 1115 quattuor,
731 1072 839 1114 quae
872 1058 1068 1114 exposui,
1109 1056 1383 1099 incommodis
1412 1056 1538 1110 atque
1561 1055 1668 1097 vitiis
1700 1054 1833 1111 magis
1858 1055 2056 1115 laborat„
2077 1068 2202 1111 quam
2224 1055 2282 1109 id,

264 1138 306 1178 in
348 1151 430 1192 quo
465 1137 521 1179 de
563 1138 826 1179 coniunctivo
864 1137 1022 1192 agitur-3
1064 1137 1182 1191 quod
1226 1141 1387 1176 tantam
1431 1134 1610 1188 praebet
1650 1133 1899 1187 supplendi,
1946 1133 2285 1189 reprehendendi

264 1209 597 1270 emendandique
637 1214 877 1265 materiam,
919 1219 967 1254 ut
1008 1213 1114 1254 mihi
1150 1219 1288 1253 totum
1328 1210 1612 1265 perstringere
1642 1216 1685 1251 et
1720 1210 1776 1251 ad
1807 1211 2003 1252 amussim
2041 1212 2160 1265 quasi
2194 1212 2282 1252 exi-

263 1306 365 1348 gere
386 1305 471 1333 non
490 1291 733 1348 permittant
763 1290 1125 1335 commentationis
1151 1290 1272 1331 huius
1304 1289 1517 1344 angustiae
1537 1288 1621 1342 **).
1672 1289 1822 1342 Itaque
1852 1302 1963 1330 nunc
1983 1289 2157 1343 quidem
2186 1289 2279 1331 satis

1658 1366 1684 1386 «ι

347 1463 518 1497 'attalica
541 1464 601 1496 sei.
646 1464 728 1495 Man
752 1465 833 1495 lam
853 1464 922 1495 also
935 1472 977 1495 ne
996 1463 1120 1503 darauf
1138 1463 1281 1503 fulgen,
1307 1471 1401 1493 wenn
1424 1465 1523 1493 etwas
1543 1462 1693 1493 verhnztct
1714 1462 1843 1493 werden
1868 1463 1950 1500 soll,
1982 1463 2060 1494 oder
2084 1473 2177 1493 menn
2203 1473 2281 1492 mun

350 1516 512 1553 ιοιῖιιισΙιι,
534 1515 610 1556 dosa
628 1519 725 1547 etwas
737 1514 855 1547 nicht
873 1515 1054 1557 geschehe,
1076 1525 1106 1545 z.
1123 1513 1164 1545 B.
1186 1516 1311 1551 metuo,
1334 1522 1383 1546 ne'
1400 1513 1521 1545 frustra
1546 1513 1690 1545 laborem
1715 1514 1914 1556 susceperis3
1944 1514 2102 1557 dagegen
2115 1514 2215 1556 solgt
2234 1518 2281 1552 nt,

351 1577 442 1599 menn
463 1577 540 1598 ιιιιιι
565 1567 629 1598 den
651 1566 796 1599 Wunsch
827 1567 904 1605 leat,
926 1567 1001 1597 dass
1025 1571 1124 1598 etwas
1149 1565 1330 1607 geschehcn
1354 1568 1470 1608 moge,
1494 1578 1522 1597 z.
1540 1566 1580 1597 B.
1602 1576 1736 1603 vereor,
1766 1570 1802 1597 ut
1825 1570 1950 1598 mature
1974 1568 2092 1598 venias.
2139 1567 2282 1598 Dcutsch

352 1623 429 1660 sagi
448 1629 525 1649 mm
546 1619 757 1659 gewohnlich
776 1619 970 1659 mgekehrt
990 1618 1069 1658 (wie
1095 1618 1147 1649 bes·
1169 1618 1233 1649 den
1257 1618 1367 1650 Verbis
1394 1618 1451 1649 dea
1476 1618 1667 1657 Denlrcns).·
1695 1615 1748 1648 ich
1765 1619 1901 1657 fiirchte
1919 1618 1994 1649 dass
2018 1619 2064 1650 dn
2092 1618 2281 1659 vergeblick

350 1670 532 1712 gearbeitet
551 1670 645 1708 least,
667 1670 737 1700 und
760 1669 986 1715 ich-surdae,
1009 1669 1083 1700 dass
1109 1669 1155 1699 du
1175 1669 1267 1700 nieht
1290 1675 1350 1699 sur
1369 1670 1500 1700 rechten
1520 1668 1595 1699 Zeit
1613 1669 1756 1700 kmmst.
1799 1670 1878 1701 Also
1897 1670 1982 1701 kann
1999 1681 2076 1702 mm
2096 1670 2142 1702 im
2161 1670 2280 1712 Allge·

352 1721 479 1753 meineri
495 1721 580 1753 wohl
597 1731 722 1764 sagea.-
742 1721 826 1752 nach
842 1725 962 1759 metuo,
985 1720 1095 1759 timeo,
1116 1730 1231 1752 vereor
1250 1721 1334 1752 steht
1353 1726 1389 1752 ut
1405 1723 1469 1762 fiir
1483 1731 1581 1752 unser
1596 1720 1696 1752 dass
1717 1720 1814 1752 nich
1825 1725 1849 1758 t,
1870 1731 1911 1752 ne
1928 1723 1991 1761 Ῑιῖι·
2007 1721 2136 1753 dass.“
2179 1716 2283 1758 Haec,

346 1782 435 1813 ·quae
450 1773 564 1805 eodem
582 1773 695 1805 ordine
708 1773 858 1812 leguntur
871 1772 903 1803 in
916 1772 1057 1813 epitome
1076 1771 1168 1804 huius
1182 1773 1427 1813 grammaticae,
1453 1773 1514 1805 etsi
1539 1772 1704 1804 verissima
1725 1777 1815 1812 sunt,
1838 1782 1901 1805 nou
1930 1777 2035 1806 tamen
2056 1774 2194 1806 tironum
2213 1773 2286 1805 usui

351 1825 429 1857 satis
453 1825 666 1864 conveniunt,
689 1824 824 1863 quibus,
854 1828 1023 1863 antequam
1046 1825 1088 1856 ad
1113 1825 1395 1867 philosophandum
1420 1826 1636 1862 adducantur,
1666 1825 1772 1856 brevis
1798 1830 1896 1864 atque
1927 1830 2018 1857 certa
2041 1826 2130 1865 legis
2149 1825 2286 1857 formula

351 1886 430 1918 opus
445 1880 506 1913 est,
527 1885 609 1915 quae
622 1875 749 1915 quidem
764 1874 859 1906 facile
885 1875 986 1915 possit
1003 1875 1145 1906 mandari
1160 1875 1342 1906 memoriae.
1385 1876 1442 1907 Sic
1467 1876 1549 1906 enim
1565 1876 1686 1912 sentio,
1710 1876 1835 1915 potiora
1851 1876 2076 1915 grammaticae
2097 1881 2281 1917 praecepta,

351 1932 520 1966 antequam
536 1923 606 1957 sit-e
621 1935 640 1957 e
663 1926 777 1964 logicis
791 1926 916 1964 legibus
926 1929 1034 1957 certae
1050 1926 1214 1957 cuiusdam
1246 1927 1374 1965 linguae
1390 1927 1458 1957 sive
1476 1927 1603 1957 omniuo
1618 1936 1636 1958 e
1652 1928 1767 1958 mentis
1784 1926 1939 1958 humanae
1956 1931 2070 1958 namra
2084 1931 2281 1968 repetantur,

353 1977 526 2011 edisce-th
545 1986 618 2010 esse
638 1977 767 2024 pueris
765 1976 1192 2018 diligentissimamque
1230 1978 1329 2009 multo
1344 1978 1446 2010 satius
1470 1983 1540 2010 erat
1570 1979 1603 2011 in
1631 1978 1737 2010 fronte
1772 1979 1871 2010 totius
1904 1978 2096 2020 paragraphi
2124 1980 2285 2015 collpcare

353 2034 556 2072 praeceptum
575 2028 652 2061 hoc·
680 2028 775 2061 Nach
796 2029 859 2060 den
886 2028 998 2060 Verbis
1025 2032 1144 2066 metuo,
1167 2028 1275 2067 timeo,
1305 2040 1418 2061 vereor
1438 2031 1507 2061 und
1528 2032 1656 2061 andern
1676 2030 1829 2061 Wartern
1840 2032 1898 2062 der
1911 2031 2036 2068 Fur-che
2045 2031 2114 2061 und
2136 2031 2284 2074 Βουτε-

352 2082 431 2121 nius,
445 2080 529 2114 wira
550 2081 610 2113 das
629 2081 780 2113 deutsche
801 2080 895 2112 dass
916 2070 1016 2112 durch
1038 2090 1090 2118 ne,
1111 2080 1213 2112 dass
1233 2080 1349 2113 nicht
1369 2082 1471 2113 durch
1491 2086 1527 2113 ut
1547 2083 1627 2113 oder
1646 2091 1687 2113 ne
1709 2092 1771 2113 non
1786 2083 2016 2123 mugednzckt,
2038 2092 2077 2114 ac
2094 2082 2213 2115 deiude
2227 2084 2285 2115 de-

352 2144 449 2172 mum,
472 2133 685 2166 adnotationis
706 2131 825 2171 instar,
847 2143 975 2166 causam
1004 2137 1037 2164 et
1065 2133 1219 2171 originem
1240 2132 1332 2164 huius
1353 2128 1585 2175 discrepantiae
1605 2135 1771 2173 utriusque
1792 2135 1941 2173 linguae,
1968 2134 2178 2176 repetendam
2199 2135 2285 2167 illam

341 2182 480 2228 'quidem
507 2195 526 2218 e
548 2186 674 2218 diversa
689 2186 904 2217 Romanorum
924 2188 957 2216 et
979 2186 1211 2216 Germanorum
1232 2185 1366 2217 eandem
1387 2195 1454 2217 rem
1476 2185 1637 2224 cogitandi
1659 2185 1793 2223 ratione,
1815 2186 1917 2226 ipsius
1939 2187 2106 2227 praecepti
2127 2186 2284 2218 formulae

354 2239 506 2271 adiicere.
549 2237 645 2270 Quod
669 2239 873 2278 praeceptum
902 2246 998 2276 quum
1019 2231 1187 2277 Zumptius
1215 2236 1275 2267 sub
1301 2237 1394 2269 finem
1424 2241 1545 2268 tantum
1575 2236 1765 2278 paragraphi
1796 2241 2027 2269 commemoret
2055 2238 2162 2279 potius
2191 2247 2284 2278 quam

354 2294 529 2333 proponat,
547 2290 618 2329 fieri
638 2299 700 2321 non
722 2292 839 2330 potest,
862 2289 937 2328 quin
959 2289 1096 2320 tironum
1121 2281 1215 2320 animi
1237 2293 1292 2320 ant
1312 2290 1480 2326 ssnetuent,
1514 2299 1595 2328 quae
1617 2290 1815 2329 potissimum
1836 2290 1938 2321 verba
1960 2300 1979 2322 e
1999 2294 2069 2321 tota
2100 2289 2160 2322 hac
2188 2299 2284 2330 para·

354 2343 476 2385 grapho
499 2341 669 2374 ediscenda
689 2341 770 2378 sint,
793 2343 859 2377 aut,
886 2340 914 2370 si
936 2343 1034 2370 totam
1056 2340 1215 2377 ediscant,
1237 2340 1320 2371 iusto
1342 2341 1431 2371 nimis
1454 2345 1636 2371 onerentur.

314 2395 354 2436 Ι’·“)
376 2395 471 2428 Hane
493 2404 560 2426 rem
582 2404 623 2426 ne
642 2393 730 2426 solus
752 2392 867 2476 vigeni
882 2391 1061 2475 vitizhdare
1082 2392 1150 2424 viro
1173 2392 1213 2423 de
1236 2392 1439 2475 ἕτῗιιιὲιαῑῐοιι
1460 2392 1556 2423 latina
1578 2393 1800 2477 πιδειίιῐῖεείιιὲο,
1822 2394 1955 2478 agerium
1977 2404 2134 2478 ea‚Fquad‹i
2153 2403 2280 2476 pgorsus

350 2456 391 2479 ex
411 2447 506 2480 animi
526 2447 589 2479 mei
609 2445 766 2478 sententia
806 2454 846 2476 uo
869 2453 907 2476 ns
929 2454 948 2475 a
992 2444 1044 2476 inc
1057 2445 1146 2475 annis
1166 2444 1277 2485 scripsi
1356 2454 1573 2476 ermannus
1629 2456 1646 2477 c
1666 2447 1735 2477 imi
1773 2450 1807 2485 t,
1873 2447 2004 2487 ymnasii
2059 2447 2103 2478 rie
2137 2455 2174 2477 an
2198 2468 2207 2476 .
2226 2453 2279 2476 re·

353 2502 435 2536 ctor,
456 2498 489 2530 in
510 2499 618 2531 libello
633 2499 686 2539 qui
707 2498 832 2537 legatur
848 2496 1031 2536 dignissimo
1045 2496 1213 2528 doctrinae
1232 2501 1408 2538 temporum
1428 2497 1517 2528 verbi
1537 2498 1653 2539 graeci
1674 2503 1706 2530 ct
1725 2500 1827 2531 latini
1849 2499 2005 2542 expos-‘tio
2021 2498 2184 2536 historica,
2200 2506 2280 2538 pnr-

354 2545 458 2588 tieula
478 2549 519 2581 11
524 2561 535 2580 .·
560 2550 736 2588 „ceterum
756 2553 826 2582 toto
852 2550 906 2581 illo
930 2550 1022 2586 loco,
1044 2557 1107 2588 qno
1128 2557 1148 2581 a
1169 2549 1319 2590 Zumptio
1340 2549 1382 2582 de
1404 2549 1601 2581 coniunctim
1623 2549 1723 2583 sutu‘ri
1746 2553 1873 2592 agitur,
1905 2552 2007 2584 omnia
2028 2550 2110 2581 adeo
2130 2549 2228 2581 mixta
2249 2553 2283 2580 et

354 2602 542 2645 perturbata
553 2606 637 2640 sunt,
658 2606 695 2634 ut
710 2602 855 2643 discipuli
876 2611 915 2633 ea
935 2601 1079 2641 legentes
1100 2611 1164 2633 non
1185 2603 1307 2643 possint
1322 2612 1384 2633 uon
1401 2601 1550 2633 confundi
1569 2604 1664 2643 plane
1686 2608 1731 2643 et,
1754 2614 1837 2644 qnae
1857 2605 1910 2635 iile
1930 2603 2062 2642 intelligi
2076 2603 2164 2638 velit,
2185 2601 2281 2632 nescii

354 2663 437 2686 esse.
480 2655 582 2686 Orsus
604 2653 687 2685 enim
707 2663 869 2695 exponere
890 2643 1056 2691 rationem,
1075 2662 1137 2692 qua
1158 2665 1178 2686 a
1199 2655 1352 2686 Romanis
1374 2655 1593 2698 coniunctivae
1617 2656 1717 2689 futuri
1739 2658 1843 2689 soleat
1865 2655 2009 2697 exprimi,
2030 2664 2126 2695 quum
2146 2653 2187 2685 ad
2206 2662 2279 2685 con·

353 2707 560 2747 iugatiouem‚
579 2716 673 2747 qnam
686 2710 792 2743 vocat,
814 2706 1074 2747 periphrasticam
1090 2707 1224 2744 venerit,
1246 2708 1409 2738 immemor
1424 2708 1581 2748 propositi
1596 2718 1707 2741 omnes
1726 2711 1793 2741 eius
1808 2706 2208 2739 coniunctivorum-rorms
2223 2713 2277 2734 ex·

356 2759 465 2801 plicat,
482 2762 613 2799 tumque
627 2753 733 2790 subito
747 2757 789 2789 ad
803 2756 942 2789 futurum
955 2761 1101 2789 exactum
1114 2759 1229 2789 transit
1244 2759 1299 2796 ita,
1314 2758 1404 2799 quasi
1422 2758 1483 2792 hoc
1495 2770 1623 2801 quoqne
1637 2761 1850 2802 coniugationi
1865 2760 1910 2792 illi
1925 2758 2189 2792 adnumerandum
2204 2756 2278 2787 sit-¹⁶

316 2812 364 2854 ”)
387 2812 518 2852 Aliquos
536 2821 663 2844 errores
683 2810 767 2842 hoe'
757 2820 790 2842 m
810 2798 915 2851 capite
928 2821 948 2842 a
964 2811 1115 2851 Zumptio
1131 2811 1286 2842 admissos
1302 2813 1425 2843 notant
1438 2814 1502 2844 iam
1515 2814 1628 2844 decem
1644 2814 1757 2844 abhinc
1775 2823 1836 2844 ann
1839 2814 1865 2843 is
1886 2812 2092 2843 Ernestns
2114 2809 2231 2839 Trom
2239 2818 2277 2848 p-

361 2863 543 2896 hellerus
573 2864 604 2895 in
636 2862 878 2900 dissertatione,
911 2872 1004 2904 quam
1027 2862 1067 2894 de
1096 2862 1252 2904 particula
1274 2872 1362 2896 cum
1394 2863 1494 2897 edidit
1522 2865 1703 2907 (Coburgi,
1727 2865 1842 2906 1828).
1895 2864 1994 2896 Curius
2023 2862 2079 2893 »iri
2108 2859 2281 2893 doctissimi
