2477 3197
243 255 415 314 negatio
456 235 542 297 non
577 255 635 296 ita
672 257 813 309 potest
860 244 1044 291 exc-ini
1082 248 1318 302 hocloco,
1368 255 1416 291 ut
1449 249 1494 290 in
1531 250 1581 292 iu
1622 248 2002 305 mundationibus,
2017 263 2140 309 *quae
2181 268 2262 311 peu·

247 334 378 390 quin
412 331 659 388 particulam
690 328 945 380 efferuntur,
988 330 1238 384 propterea,
1277 326 1393 383 quod
1435 327 1630 381 negatio,
1668 342 1779 382 quae
1798 331 2039 387 particulae
2074 344 2140 373 ne
2171 332 2261 386 (vel

247 406 560 466 quominus)
614 419 700 461 ope
741 405 880 463 repeti
921 405 1077 459 possit,
1128 406 1299 447 omnino
1342 403 1458 446 nulla
1491 402 1802 459 praegralitur.
1856 407 1968 450 —Sed
2001 422 2260 464 quamq-nm

247 486 467 542 Zumptius
492 479 536 541 δ.
559 481 682 536 543,
722 482 868 525 ubide
897 481 1187 523 coniunctione
1215 482 1506 538 quominus
1536 486 1579 522 et
1606 471 1669 522 ne
1703 493 1842 522 sermo
1876 490 1965 536 est,
2001 486 2261 542 germm'cue

245 564 410 618 linguae
432 561 798 609 consuetudinem,
828 571 913 611 qua
939 559 1185 613 negationes
1214 572 1279 605 ne
1316 564 1358 599 et
1387 559 1679 612 quominus
1714 564 1831 614 post·
1851 561 1978 601 verba
2007 562 2262 618 impediendi

245 641 424 694 exprimi
452 653 538 681 non
567 638 725 687 solent,
763 650 816 681 ne
844 635 974 677 verbo
1005 635 1176 706 quidem
1207 637 1373 692 tetigit,
1403 650 1542 689 neque
1572 637 1742 678 omnino
1777 636 1862 679 hoc
1890 638 2093 692 loquendi
2130 655 2264 696 genus

246 722 429 777 explicat
458 725 582 768 atque
612 713 819 785 illustrat,
858 698 998 755 tamen
1033 713 1167 757 virum
1198 713 1508 769 sagacissimum
1532 714 1758 769 particulas
1791 729 1854 757 ne
1886 720 1930 757 et
1973 718 2263 770 quominus

185 788 194 792 ⁵
246 799 369 840 verba
399 791 659 850 impediendi
691 779 937 833 comitantes
974 804 1082 833 non
1100 791 1234 847 magis
1274 803 1359 848 pro
1402 792 1723 846 supervacaneis
1759 791 1954 835 habuisse
1998 794 2262 848 crediderim,

244 887 387 929 quam,
401 870 655 927 particulam
693 882 755 910 ne
795 868 922 910 verba
963 867 1177 909 metuendi
1222 868 1510 919 comitantem,
1555 869 1632 910 etsi
1665 869 1774 911 haee
1817 884 1986 925 quoque
2025 874 2263 927 germanice

241 964 332 993 non
365 950 566 991 reddatur
609 946 686 987 nisi
721 959 801 1004 per
831 946 955 986 dass.
1019 945 1110 985 Iam
1149 958 1271 996 vero,
1302 946 1335 986 si
1374 946 1545 998 negatio
1581 945 1666 998 (ne
1700 946 1771 987 vel
1811 949 2124 1002 quominus)
2163 955 2264 1004 post

244 1027 373 1071 verba
394 1022 649 1082 impediendi
673 1022 811 1077 posita
836 1034 921 1064 non
953 1026 1016 1064 est
1047 1035 1356 1077 supervacanea
1395 1022 1437 1064 in
1468 1022 1817 1080 enunciationibus
1847 1023 2124 1079 affirmativis,
2176 1021 2263 1068 non

246 1117 343 1147 sane
375 1108 698 1148 consentaneum
739 1104 824 1150 est,
861 1111 978 1150 eam,
1012 1099 1103 1140 'etsi
1132 1099 1214 1140 alia
1253 1099 1391 1140 forma
1432 1099 1623 1142 indutam
1646 1099 1856 1155 (quin),
1890 1100 2049 1143 habere
2080 1116 2159 1158 pro
2191 1116 2261 1145 su·

242 1191 502 1238 pervacanea
539 1184 640 1233 post
676 1177 824 1217 eadem
855 1177 985 1217 verba
1015 1176 1060 1215 in
1091 1177 1316 1218 enunciatis
1348 1178 1609 1233 negantibus.
1688 1178 1852 1228 Quodsi
1885 1180 2152 1231 conceditur,
2183 1192 2260 1220 ne—

241 1260 457 1314 gationem
484 1257 528 1296 in
544 1284 551 1289 »
557 1254 764 1309 particula
796 1254 924 1306 quin
951 1253 1151 1294 latentem
1179 1261 1281 1308 post
1306 1254 1433 1295 verba
1462 1254 1792 1311 impediendine
1819 1256 1864 1296 in
1892 1258 2135 1311 negantibus
2166 1252 2261 1310 qui·

239 1335 336 1377 dem
364 1329 717 1375 enunciationibus
747 1342 837 1370 esse
869 1314 1238 1384 supervacaneam,
1286 1331 1476 1384 sequitur
1503 1331 1726 1384 profecto,
1757 1339 1835 1383 aut,
1848 1333 1976 1374 verba
2005 1333 2262 1388 impediendi

239 1404 502 1468 segreganda
531 1421 619 1449 esse
635 1400 806 1463 prorsus
826 1405 880 1446 ab
907 1406 955 1448 iis
978 1406 1136 1459 verbis,
1170 1412 1270 1462 post
1311 1419 1421 1461 quae
1449 1404 1619 1463 negatio
1647 1408 1690 1449 in
1726 1422 1755 1462 q
1769 1409 1860 1450 uin
1891 1409 2024 1451 latens
2058 1423 2258 1465 superva-

225 1501 366 1529 canea
396 1499 485 1527 esse
516 1483 806 1535 contenditur,
846 1488 917 1524 aut
938 1483 1170 1524 videndum
1209 1488 1294 1536 est,
1338 1497 1392 1533 an
1419 1484 1625 1539 particula
1664 1485 1797 1539 quin
1823 1492 1924 1541 post
1961 1487 2106 1528 verba*
2132 1486 2257 1529 ‹lubi—

237 1564 352 1605 tandi
384 1569 426 1605 et
457 1568 597 1603 cetera
628 1561 752 1602 huius
777 1561 944 1618 generis
974 1560 1125 1601 eodem
1153 1562 1240 1601 iure
1269 1562 1401 1615 possit
1428 1561 1642 1602 uindicari.
1704 1562 1879 1605 Frustra
1917 1564 2027 1604 enim
2054 1571 2259 1619 pmvocat

237 1641 457 1697 Zumptius
497 1641 541 1681 in
577 1638 751 1681 similem
783 1638 1047 1679 Graecorum
1081 1638 1426 1679 consuetudinem
1454 1637 1643 1689 dicendi,
1686 1652 1771 1692 qua
1796 1639 1863 1695 μὴ.
1877 1635 1926 1681 οὐ
1957 1646 2055 1681 ante
2086 1641 2257 1686 infiniti-

236 1731 338 1760 vum
367 1719 527 1771 pariter
556 1715 748 1770 usurpari
792 1714 894 1754 dicit
927 1714 983 1754 ad
1022 1715 1317 1770 negationem,
1365 1724 1472 1769 quae
1503 1728 1751 1770 praegressa
1779 1716 1858 1769 sit,
1897 1730 1984 1758 non
2010 1717 2256 1770 tollendam,

237 1795 313 1837 sed
337 1794 476 1835 denuo
507 1790 811 1834 inculcandam.
886 1790 1014 1832 Ouius
1047 1791 1356 1833 consuetudinis
1377 1792 1579 1845 exempla
1607 1806 1861 1846 quamquam
1891 1794 2111 1850 Zumptius
2142 1802 2255 1837 attu-

234 1871 281 1911 lit
316 1870 455 1921 nulla,
494 1867 616 1908 facile
645 1873 786 1908 tamen
812 1866 1080 1922 intelligitur,
1123 1858 1219 1908 e'um
1251 1867 1500 1923 cogitavisse
1530 1868 1585 1909 de
1615 1868 1719 1909 locis
1756 1869 1984 1922 eiusmodi,
2023 1869 2159 1925 qualis
2191 1879 2255 1914 est

232 1947 306 1987 ille
341 1945 460 1999 apud
497 1942 761 1998 Sophoclem
797 1942 952 1982 Trach.
971 1942 1061 1983 9⁰:
1103 1939 1218 1983 οὐδὲν
1258 1943 1452 1996 ἐλλείψω
1476 1943 1526 1984 τὸ
1558 1942 1615 1998 μὴ
1649 1939 1697 1994 οἷ)
1736 1947 1871 1984 πᾶσαν
1898 1946 2110 1987 πυθέσθαι
2139 1948 2254 1988 τῶνδ’

237 2019 434 2076 ἀλήθειαν
465 2021 569 2075 πέρι.
633 2018 807 2060 Electra
835 2016 950 2058 132.-
991 2013 1075 2059 οὐδ’
1108 2017 1242 2058 ἐθέλω
1274 2016 1486 2072 προλιπεῖν
1513 2018 1607 2060 τάδε
1641 2017 1699 2076 μὴ
1731 2014 1778 2060 οὗ
1807 2017 1878 2068 τόν
1903 2019 2000 2077 ἐμὸν
2035 2025 2255 2078 στοναχεῖν

237 2097 365 2155 nui-543
389 2095 550 2139 ἄθλιον.
594 2080 804 2138 Herodot.
828 2093 874 2148 9,
904 2093 989 2136 12:
1023 2088 1071 2137 οὗ
1107 2090 1271 2136 δυνατοὶ
1290 2090 1418 2150 αὐτὴν
1452 2093 1586 2151 ἴσχειν
1610 2094 1684 2138 εἰσὶ
1704 2096 1950 2155 ’Apulei-pi)
1982 2093 2059 2141 οὒκ
2081 2095 2249 2149 ἐξιέναι.

234 2181 277 2216 et
311 2174 428 2231 apud
455 2167 787 2229 'Xenophontem
812 2171 951 2225 Anah.
972 2171 1025 2224 3,
1060 2171 1113 2223 l,
1146 2159 1233 2212 13:
1277 2172 1319 2212 τί
1356 2171 1569 2231 ἐμποδών,
1610 2172 1667 2230 μὴ
1705 2169 1807 2229 οὐχὶ
1849 2173 1986 2216 πάντα
2020 2174 2075 2216 τὰ
2117 2177 2248 2232 χαλε·

233 2252 409 2294 πιότατα
436 2250 664 2299 ἐπιδόντας,
693 2249 832 2293 ’πάντα
854 2249 898 2290 δὲ
922 2247 976 2290 τὰ
1001 2247 1212 2290 δεινότατα
1246 2248 1455 2296 παθόντας
1487 2234 1777 2307 ὑβριζομένους
1810 2239 2054 2300 ἄποθᾶνεῖνς
2100 2255 2160 2297 At
2185 2254 2251 2297 his

231 2329 516 2382 similibusque
535 2328 652 2380 locis,
680 2326 737 2383 μὴ
757 2322 830 2379 οὗ,
865 2325 985 2380 quod
1005 2325 1223 2384 Zumptius
1253 2327 1363 2365 cum‘
1378 2327 1583 2380 particula
1612 2328 1748 2382 quin·
1783 2335 2025 2383 comparat,
2052 2343 2139 2373 non
2169 2346 2249 2374 una

229 2413 292 2449 est
315 2406 483 2462 negatio
517 2405 623 2445 sicut
661 2404 804 2458 quin,
837 2403 933 2454 sed,
965 2402 1084 2457 quod
1106 2402 1273 2443 latuisse
1306 2401 1434 2443 iniror
1461 2404 1591 2445 virum
1622 2404 1924 2457 doctissimum,
1964 2409 2134 2463 negatio
2167 2392 2247 2451 du-

228 2486 362 2539 plex.-
403 2482 628 2536 Proprium
664 2486 726 2521 est
757 2482 867 2522 enim
897 2480 1020 2522 huius
1058 2479 1279 2520 locutionis
1293 2508 1307 2531 ,
1349 2485 1396 2521 ut
1437 2483 1682 2523 sententiam
1721 2489 1997 2536 consequatur
2024 2494 2245 2541 negantem

229 2574 406 2613 eamque
435 2572 515 2613 per
542 2555 792 2613 particulam
817 2551 865 2597 οὗ
899 2556 1039 2599 denuo
1068 2555 1251 2597 inculcet
1281 2556 1395 2610 quasi
1427 2551 1505 2599 οὐκ
1537 2556 1647 2600 ἔστιν
1669 2555 1800 2606 οὕτως
1831 2559 1883 2601 sit
1915 2560 2086 2614 dictum,
2119 2577 2243 2617 quam

227 2636 285 2680 ob
307 2649 398 2677 rem
413 2634 620 2693 Reisigius
631 2633 680 2691 *J
711 2632 959 2690 particulam
985 2627 1052 2683 οὗ,
1082 2638 1130 2676 ut
1157 2645 1266 2689 quae
1288 2627 1882 2690 peculiarem'quodammodo
1914 2638 2244 2684 enunciationem

266 2809 396 2850 ·)³vid.
417 2809 789 2840 commentatione·
812 2807 882 2839 cius
903 2807 1030 2840 criticus
1050 2806 1095 2840 ad
1114 2806 1284 2849 Sophoclis
1307 2807 1465 2850 Oedipum
1486 2808 1663 2842 Coloneum
1686 2820 1716 2852 p.
1739 2812 1815 2843 2³8.
